@article{Broman2003,
    Author = {Karl W Broman and Hao Wu and Saunak Sen and Gary A Churchill},
    Journal = {Bioinformatics},
    Number = {7},
    Pages = {889--890},
    Title = {R/qtl: {QTL} mapping in experimental crosses},
    Volume = {19},
    Year = {2003}}

@article{Lander1989,
    Author = {E. S. Lander and D. Botstein},
    Journal = {Genetics},
    Number = {1},
    Pages = {185--199},
    Title = {Mapping {M}endelian factors underlying quantitative traits using {RFLP} linkage maps},
    Volume = {121},
    Year = {1989}}

@article{Moore2013,
Author = {Moore,  C. R. and Johnson, L. S. and Kwak, I.-Y. and Livny, M. and Broman, K. W. and Spalding, E. P.},
Year = {2013},
Title = {High-throughput computer vision introduces the time axis to a quantitative trait map of a plant growth response},
Journal = {Genetics},
Volume = {195},
Pages = {1077--1086}}

@Manual{R,
  title = {R: A Language and Environment for Statistical Computing},
  author = {{R Core Team}},
  organization = {R Foundation for Statistical Computing},
  address = {Vienna, Austria},
  year = {2013}
}

@book{Theus2008,
 author = {Theus, Martin and Urbanek, Simon},
 title = {Interactive graphics for data analysis: Principles and examples},
 year = {2008},
 publisher = {Chapman \& Hall/CRC},
}

@article{Becker1987,
  author = {Becker, R. A. and Cleveland, W. S.},
  year = {1987},
  title = {Brushing scatterplots},
  journal = {Technometrics},
  volume = {29},
  pages = {127--142}}

@article{Bostock2011,
  author = {Bostock, M. and Ogievetsky, V. and Heer, J.},
  year = {2011},
  title = {D$^3$: Data-Driven Documents},
  journal = {IEEE T Vis Comput Gr},
  volume = {17},
  pages = {2301--2309}}

@book{Xie2013,
  author = {Yihui Xie},
  year = {2013},
  title = {Dynamic documents with {R} and knitr},
  publisher = {Chapman \& Hall/CRC}}

@article{Knuth1984,
  author = {Knuth, D. E.},
  title = {Literate programming},
  year = {1984},
  journal = {Comput J},
  volume = {27},
  pages = {97--111}}
